@article{serra2012measuring,
  title={Measuring the evolution of contemporary western popular music},
  author={Serr{\`a}, Joan and Corral, {\'A}lvaro and Bogu{\~n}{\'a}, Mari{\'a}n and Haro, Mart{\'\i}n and Arcos, Josep Ll},
  journal={Scientific reports},
  volume={2},
  number={1},
  pages={1--6},
  year={2012},
  publisher={Nature Publishing Group}
}
@misc{spotify,
  title={Spotify},
  author={SpotifyInc.},
  url={https://developer.spotify.com/documentation/web-api/},
  year={2022}
}
@misc{spotifyAPIdocu,
  title={SpotifyAPIDocu},
  author={SpotifyDocu},
  url={https://developer.spotify.com/documentation/web-api/reference/#/operations/get-audio-features},
  year={2022}
}